@misc{Street:Jankowski,
author = {Jacek Jankowski},
title = {Simple Modular Street Kit},
url = {https://www.assetstore.unity3d.com/#/content/13811}
}

@misc{Parkchair:Universal,
author = {Universal Image},
title = {ParkChair},
url = {https://www.assetstore.unity3d.com/#/content/850}
}

@misc{BlendTuts,
author = {blendtuts},
title = {Tileable Textures in Blender},
url = {http://www.blendtuts.com/tileable_textures}
}

@misc{UVMap,
author = {Wikibooks},
title = {Blender 3D: Noob to Pro/UV Map Basics},
url = {http://en.wikibooks.org/wiki/Blender_3D:_Noob_to_Pro/UV_Map_Basics}
}

@misc{citibike,
author = {Citibike},
title = {Citibike System Data},
url = {http://www.citibikenyc.com/system-data}
}

@misc{Bicycle:Blender,
author = {dotline11},
title = {Bicycle Animation},
url = {http://www.blendswap.com/blends/view/46956}
}

@misc{Citibike:Visualization, 
author = {Jeff Ferzoco},
title = {Citibike Visualization},
url = {http://linepointpath.com/111242/2771111/work/citi-bike-visualization}
}

@article{peters2011crowds,
  title={Perceptual Effects of Scene Context and Viewpoint for Virtual Pedestrian Crowds},
  author={CATHY ENNIS{,} CHRISTOPHER PETERS{,} {and} CAROL O’SULLIVAN{,} Trinity College Dublin},
  journal = {ACM Transactions on Applied Perception (TAP)},
  volume={8},
  number={10},
  pages={12},
  year={2011},
  publisher={ACM}
}

@article{peters2008crowds,
  title={Crowds in context: Evaluating the perceptual plausibility of pedestrian orientations},
  author={Peters{,}  Christopher and Ennis{,}  Cathy and McDonnell{,}  Rachel {and} O’Sullivan, Carol},
  journal = {ACM Transactions on Applied Perception (TAP)},
  volume={8},
  number={10},
  pages={10},
  year={2011},
  publisher={ACM}
}

@article{wilkie2013flow,
  title={Flow reconstruction for data-driven traffic animation},
  author={Wilkie{,} David and Sewall{,} Jason {and} Lin, Ming},
  journal={ACM Transactions on Graphics (TOG)},
  volume={32},
  number={4},
  pages={89},
  year={2013},
  publisher={ACM}
}

@article{lighthill1955kinematic,
  title={On kinematic waves. II. A theory of traffic flow on long crowded roads},
  author={Lighthill{,} Michael J and Whitham{,} Gerald Beresford},
  journal={Proceedings of the Royal Society of London. Series A. Mathematical and Physical Sciences},
  volume={229},
  number={1178},
  pages={317--345},
  year={1955},
  publisher={The Royal Society}
}

@article{spatfrequency,
  title={Spatial frequency and attention: effects of level-, target-, and location-repetition on the processing of global and local forms},
  author={Lamb{,} Marvin R. ; Yund{,} E. William},
  journal={Perception {and} Psychophysics},
  volume={58},
  number={3},
  pages={363-373},
  year={1996},
  publisher={U.S. National Library of Medicine}
}

@article{memory,
  title={Memory for objects in canonical and non canonical viewpoints},
  author={Gomez{,} Pablo ; Shutter{,} Jennifer ; Rouder{,} Jeffrey},
  journal={Psychonomic Bulletin {and} Review, 2008, Vol.15(5), pp.940-944},
  volume={15},
  number={5},
  pages={940-944},
  year={2008},
  publisher={Psychonomic}
}
