@misc{Street:Jankowski,
author = {Jacek Jankowski},
title = {Simple Modular Street Kit},
url = {https://www.assetstore.unity3d.com/#/content/13811}
}

@misc{StreetLight:BiSkiT,
author = {Adam Badke},
title = {Urban Props},
url = {https://www.assetstore.unity3d.com/#/content/708}
}

@misc{Parkchair:Universal,
author = {Universal Image},
title = {ParkChair},
url = {https://www.assetstore.unity3d.com/#/content/850}
}

@misc{Bicycle:Blender,
author = {dotline11},
title = {Bicycle Animation},
url = {http://www.blendswap.com/blends/view/46956}
}
@article{peters2008crowds,
  title={Crowds in context: Evaluating the perceptual plausibility of pedestrian orientations},
  author={Peters, Christopher and Ennis, Cathy and McDonnell, Rachel and Oâ€™Sullivan, Carol},
  year={2008}
}

@article{wilkie2013flow,
  title={Flow reconstruction for data-driven traffic animation},
  author={Wilkie, David and Sewall, Jason and Lin, Ming},
  journal={ACM Transactions on Graphics (TOG)},
  volume={32},
  number={4},
  pages={89},
  year={2013},
  publisher={ACM}
}

@article{lighthill1955kinematic,
  title={On kinematic waves. II. A theory of traffic flow on long crowded roads},
  author={Lighthill, Michael J and Whitham, Gerald Beresford},
  journal={Proceedings of the Royal Society of London. Series A. Mathematical and Physical Sciences},
  volume={229},
  number={1178},
  pages={317--345},
  year={1955},
  publisher={The Royal Society}
}